<record><leader>00000cas a22000007a 4500</leader><controlfield tag="001">11909914</controlfield><controlfield tag="008">850412d18501873tnuwr ne      0   a0eng d</controlfield><datafield ind1=" " ind2=" " tag="010"><subfield code="a">sn 85033386 </subfield></datafield><datafield ind1=" " ind2=" " tag="040"><subfield code="a">NPU</subfield><subfield code="b">eng</subfield><subfield code="c">NPU</subfield><subfield code="d">DLC</subfield><subfield code="d">NPX</subfield><subfield code="d">PPM</subfield><subfield code="d">TGN</subfield><subfield code="d">OCL</subfield><subfield code="d">OCLCQ</subfield><subfield code="d">DLC</subfield><subfield code="d">OCLCF</subfield><subfield code="d">DLC</subfield></datafield><datafield ind1="0" ind2=" " tag="022"><subfield code="a">2328-0905</subfield><subfield code="2">1</subfield></datafield><datafield ind1=" " ind2=" " tag="042"><subfield code="a">msc</subfield><subfield code="a">nsdp</subfield></datafield><datafield ind1=" " ind2=" " tag="043"><subfield code="a">n-us-tn</subfield></datafield><datafield ind1="0" ind2="0" tag="050"><subfield code="a">Newspaper</subfield></datafield><datafield ind1="0" ind2="0" tag="082"><subfield code="a">071</subfield><subfield code="2">23</subfield></datafield><datafield ind1="0" ind2=" " tag="130"><subfield code="a">Columbia herald (Columbia, Tenn.)</subfield></datafield><datafield ind1=" " ind2="4" tag="222"><subfield code="a">The Columbia herald</subfield><subfield code="b">(Columbia, Tenn. Print)</subfield></datafield><datafield ind1="1" ind2="4" tag="245"><subfield code="a">The Columbia herald.</subfield></datafield><datafield ind1=" " ind2=" " tag="260"><subfield code="a">Columbia, Tenn. :</subfield><subfield code="b">Hunter Nicholson,</subfield><subfield code="c">-1873.</subfield></datafield><datafield ind1=" " ind2=" " tag="300"><subfield code="a">v. :</subfield><subfield code="b">ill. (chiefly advertisements) ;</subfield><subfield code="c">71 cm.</subfield></datafield><datafield ind1=" " ind2=" " tag="310"><subfield code="a">Weekly</subfield></datafield><datafield ind1="1" ind2=" " tag="362"><subfield code="a">Began in 1850.</subfield><subfield code="z">Cf. Gregory, W. Amer. newspapers.</subfield></datafield><datafield ind1="0" ind2=" " tag="362"><subfield code="a">-v. 19, no. 22 (Dec. 19, 1873).</subfield></datafield><datafield ind1=" " ind2=" " tag="500"><subfield code="a">Publishers: W.S. Bliss, &lt;1866&gt;; Alfred S. Horsley, &lt;1869&gt;-1871; Horsley &amp; Figuers, 1871; Horsley Bros. &amp; Figuers, 1871-1872.</subfield></datafield><datafield ind1=" " ind2=" " tag="500"><subfield code="a">Editor: Hunter Nicholson, &lt;1861, 1866&gt;.</subfield></datafield><datafield ind1=" " ind2=" " tag="530"><subfield code="a">Archived issues are available in digital format as part of the Library of Congress Chronicling America online collection.</subfield></datafield><datafield ind1=" " ind2=" " tag="580"><subfield code="a">Merged with: Mail (Columbia, Tenn.), to form: Herald and mail.</subfield></datafield><datafield ind1=" " ind2=" " tag="588"><subfield code="a">Description based on: Vol. 10, no. 29 (Feb 2, 1861).</subfield></datafield><datafield ind1=" " ind2="0" tag="651"><subfield code="a">Columbia (Tenn.)</subfield><subfield code="v">Newspapers.</subfield></datafield><datafield ind1=" " ind2="0" tag="651"><subfield code="a">Maury County (Tenn.)</subfield><subfield code="v">Newspapers.</subfield></datafield><datafield ind1=" " ind2="7" tag="651"><subfield code="a">Tennessee</subfield><subfield code="z">Columbia.</subfield><subfield code="2">fast</subfield><subfield code="0">(OCoLC)fst01226750</subfield></datafield><datafield ind1=" " ind2="7" tag="651"><subfield code="a">Tennessee</subfield><subfield code="z">Maury County.</subfield><subfield code="2">fast</subfield><subfield code="0">(OCoLC)fst01211410</subfield></datafield><datafield ind1=" " ind2="7" tag="655"><subfield code="a">Newspapers.</subfield><subfield code="2">fast</subfield><subfield code="0">(OCoLC)fst01423814</subfield></datafield><datafield ind1=" " ind2=" " tag="752"><subfield code="a">United States</subfield><subfield code="b">Tennessee</subfield><subfield code="c">Maury</subfield><subfield code="d">Columbia.</subfield></datafield><datafield ind1="1" ind2=" " tag="776"><subfield code="t">Columbia herald (Columbia, Tenn. : Online)</subfield><subfield code="x">2328-0913</subfield><subfield code="w">(DLC)  2013218711</subfield><subfield code="w">(OCoLC)837600467</subfield></datafield><datafield ind1="1" ind2="7" tag="785"><subfield code="t">Mail (Columbia, Tenn.)</subfield><subfield code="w">(DLC)sn 85033385</subfield><subfield code="w">(OCoLC)11909928</subfield></datafield><datafield ind1="1" ind2="7" tag="785"><subfield code="t">Herald and mail</subfield><subfield code="w">(DLC)sn 86053406</subfield><subfield code="w">(OCoLC)13620835</subfield></datafield><datafield ind1="4" ind2="1" tag="856"><subfield code="u">http://www.loc.gov/chroniclingamerica/lccn/sn85033386/issues</subfield></datafield></record>